<record xmlns:xsi="http://www.w3.org/2001/XMLSchema-instance" xmlns="http://www.loc.gov/MARC21/slim" xsi:schemaLocation="http://www.loc.gov/MARC21/slim http://www.loc.gov/standards/marcxml/schema/MARC21slim.xsd">

  <leader>00616nam a22001697a 4500</leader>
  <datafield ind1=" " ind2=" " tag="999">
    <subfield code="c">3495</subfield>
    <subfield code="d">3495</subfield>
  </datafield>
  <controlfield tag="008">180611b2012    a  a|||| |||| 00| | spa d</controlfield>
  <datafield tag="090" ind1=" " ind2=" ">
    <subfield code="a">06.03.07</subfield>
    <subfield code="b">2459</subfield>
  </datafield>
  <datafield ind1=" " ind2=" " tag="100">
    <subfield code="9">3747</subfield>
    <subfield code="a">Fernández, Nancy Edith</subfield>
  </datafield>
  <datafield tag="245" ind2="4" ind1="1">
    <subfield code="a">Los plaguicidad aquí y ahora / </subfield>
    <subfield code="c">Nancy Fernández, Ercilia Pujol y Eduardo Maher</subfield>
  </datafield>
  <datafield tag="260" ind2=" " ind1=" ">
    <subfield code="a">Buenos Aires, Argentina :</subfield>
    <subfield code="b">Ministerio de Educación de la Nación,</subfield>
    <subfield code="c">2012</subfield>
  </datafield>
  <datafield tag="300" ind2=" " ind1=" ">
    <subfield code="a">121 páginas;</subfield>
    <subfield code="b">ilustraciones</subfield>
  </datafield>
  <datafield ind2=" " ind1=" " tag="490">
    <subfield code="a">Escritura en ciencias,</subfield>
    <subfield code="v">1</subfield>
  </datafield>
  <datafield ind2="4" ind1="1" tag="650">
    <subfield code="9">996</subfield>
    <subfield code="a">ENSEÑANZA DE LAS CIENCIAS </subfield>
  </datafield>
  <datafield ind1=" " ind2=" " tag="700">
    <subfield code="9">3748</subfield>
    <subfield code="a">Maher, Eduardo Santiago</subfield>
  </datafield>
  <datafield ind2=" " ind1=" " tag="700">
    <subfield code="9">3749</subfield>
    <subfield code="a">Pujol, Ercilia Etel</subfield>
  </datafield>
  <datafield ind2=" " ind1=" " tag="942">
    <subfield code="2">z</subfield>
    <subfield code="c">01</subfield>
  </datafield>
</record>